@inproceedings{conf/iros/TrautmanK10,
  added-at = {2011-08-26T00:00:00.000+0200},
  author = {Trautman, Peter and Krause, Andreas},
  biburl = {http://www.bibsonomy.org/bibtex/25220586626a8302d411f6a5fafe8d650/dblp},
  booktitle = {IROS},
  crossref = {conf/iros/2010},
  ee = {http://dx.doi.org/10.1109/IROS.2010.5654369},
  interhash = {819c4049e9d275cbe314cbaacadd59a0},
  intrahash = {5220586626a8302d411f6a5fafe8d650},
  isbn = {978-1-4244-6674-0},
  keywords = {dblp},
  pages = {797-803},
  publisher = {IEEE},
  timestamp = {2011-08-26T00:00:00.000+0200},
  title = {Unfreezing the robot: Navigation in dense, interacting crowds.},
  url = {http://dblp.uni-trier.de/db/conf/iros/iros2010.html\#TrautmanK10},
  year = 2010
}

@INPROCEEDINGS{6395022, 
	author={Chung-Che Yu and Chieh-Chih Wang}, 
	booktitle={Technologies and Applications of Artificial Intelligence (TAAI), 2012 Conference on}, 
	title={Collision- and Freezing-Free Navigation in Dynamic Environments Using Learning to Search}, 
	year={2012}, 
	month={Nov}, 
	pages={151-156}, 
	keywords={collision avoidance;computational complexity;learning (artificial intelligence);mobile robots;planning (artificial intelligence);LEARCH;LfD;collision-free navigation;complexity level;dynamic environments;freezing robot problem;freezing-free navigation;learning from demonstration approaches;learning to search approach;navigation approaches;parameter tuning procedures;path planner;planning approaches;rule-based approaches;tedious rule designing;Collision avoidance;Heuristic algorithms;Logic gates;Navigation;Planning;Robots;Training}, 
	doi={10.1109/TAAI.2012.25},
}

@inproceedings{LinSong,
	author = {Lin Song, Ruimin Hu, Yulian Xiao, Liyu Gong},
	ee = {http://dx.doi.org/10.2991/icsem.2013.242},
	interhash = {},
	intrahash = {},
	isbn = {978-94-91216-42-8},
	keywords = {Hand Gesture Recognition, 3D Image Processing, Depth Images, Kinect, Human Computer Interaction},
	publisher = {ICSEM},
	title = {Real-Time 3D Hand Gesture Recognition from Depth Image},
	url = {http://www.atlantis-press.com/publications/aisr/icsem-13/index_icsem-13.html?http%3A//www.atlantis-press.com/php/paper-details.php%3Fid%3D5736},
	year = 2013
}

@INPROCEEDINGS{6269439, 
	author={Yi Li}, 
	booktitle={Software Engineering and Service Science (ICSESS), 2012 IEEE 3rd International Conference on}, 
	title={Hand gesture recognition using Kinect}, 
	year={2012}, 
	month={June}, 
	pages={196-199}, 
	keywords={cameras;gesture recognition;human computer interaction;infrared detectors;palmprint recognition;real-time systems;HGR system;Microsoft Kinect;Xbox;depth sensor;finger identification;hand gesture recognition;infrared camera;lighting condition;real-time system;sign language;signer skin color;silent communication;Clocks;Gesture recognition;Thumb;Human-computer interaction;Kinect;finger identification;hand gesture recognition}, 
	doi={10.1109/ICSESS.2012.6269439},
}